@preamble{ "\newcommand{\noopsort}[1]{} "
	# "\newcommand{\printfirst}[2]{#1} "
	# "\newcommand{\singleletter}[1]{#1} "
	# "\newcommand{\switchargs}[2]{#2#1} " }

############## USE BIBTEX FOR REFERENCES ############## 

@inproceedings{Name2014,
  author = {Author, Name},
  title = {Paper Title},
  booktitle = {Proceedings of the 1th International Conference on Writing Papers},
  series = {ICWP~'14},
  year = {2014},
  pages = {01--02},
  numpages = {2},
  publisher = {NONE}
}

@book{Baader2003,
 editor = {Baader, Franz and Calvanese, Diego and McGuinness, Deborah L. and Nardi, Daniele and Patel-Schneider, Peter F.},
 title = {The Description Logic Handbook: Theory, Implementation, and Applications},
 year = {2003},
 isbn = {0521781760},
 publisher = {Cambridge University Press}
}
@article{Weiser1991,
    author = {Weiser, Mark},
    journal = {Scientific American},
    month = {September},
    number = {3},
    pages = {66--75},
    title = {The computer for the 21st century},
    volume = {265},
    year = {1991}
}
 